<?xml version="1.0" encoding="UTF-8"?><collection xmlns="http://www.loc.gov/MARC21/slim"><record><leader>00661nam--2200229-u-4500</leader><controlfield tag="001">000051134</controlfield><controlfield tag="002">20161230</controlfield><controlfield tag="005">20161230201049</controlfield><controlfield tag="008">080522s1000------------r-----000-0-eng-d</controlfield><datafield ind1=" " ind2=" " tag="020"><subfield code="a">978-3-540-73472-7</subfield></datafield><datafield ind1=" " ind2=" " tag="040"><subfield code="a">IFIN-HH</subfield></datafield><datafield ind1=" " ind2=" " tag="080"><subfield code="a">531.111:530.145</subfield></datafield><datafield ind1="1" ind2=" " tag="100"><subfield code="a">Muga, Gonzalo</subfield></datafield><datafield ind1="1" ind2="0" tag="245"><subfield code="a">Time in Quantum Mechanics</subfield><subfield code="c">Gonzalo Muga; Rafael Sala Mayato; Inigo Egusquiza (Eds.)</subfield></datafield><datafield ind1=" " ind2=" " tag="250"><subfield code="a">Second Edition</subfield></datafield><datafield ind1=" " ind2=" " tag="260"><subfield code="a">Berlin</subfield><subfield code="b">Springer - Verlag</subfield><subfield code="c">2008</subfield></datafield><datafield ind1=" " ind2=" " tag="300"><subfield code="a">455 p</subfield></datafield><datafield ind1=" " ind2=" " tag="490"><subfield code="a">Lecture Notes in Physics</subfield><subfield code="v">vol. 734</subfield></datafield><datafield ind1=" " ind2="4" tag="650"><subfield code="a">Space-Time Domains</subfield></datafield><datafield ind1="1" ind2=" " tag="700"><subfield code="a">Egusquiza, Inigo</subfield><subfield code="e">Ed</subfield></datafield><datafield ind1=" " ind2=" " tag="852"><subfield code="a">82093</subfield><subfield code="c">530.14</subfield></datafield><datafield ind1=" " ind2=" " tag="CAT"><subfield code="a">Sys</subfield><subfield code="c">20110329</subfield><subfield code="h">142017</subfield></datafield></record></collection>